@inproceedings{LarsenStrawman,
 author = {Larsen, Matthew and Brugger, Eric and Childs, Hank and Eliot, Jim and Griffin, Kevin and Harrison, Cyrus},
 title = {Strawman: A Batch In Situ Visualization and Analysis Infrastructure for Multi-Physics Simulation Codes},
 booktitle = {Proceedings of the First Workshop on In Situ Infrastructures for Enabling Extreme-Scale Analysis and Visualization},
 series = {ISAV2015},
 year = {2015},
 isbn = {978-1-4503-4003-8},
 location = {Austin, TX, USA},
 pages = {30--35},
 numpages = {6},
 url = {http://doi.acm.org/10.1145/2828612.2828625},
 doi = {10.1145/2828612.2828625},
 acmid = {2828625},
 publisher = {ACM},
 address = {New York, NY, USA},
} 

@article{messina2017exascale,
  title={The Exascale Computing Project},
  author={Messina, Paul},
  journal={Computing in Science \& Engineering},
  volume={19},
  number={3},
  pages={63--67},
  year={2017},
  publisher={IEEE}
}

@article{Bauer:InSitu-STAR:2016,
   author = {Andrew C. Bauer and Hasan Abbasi and James Ahrens and Hank Childs and Berk Geveci and Scott Klasky and Kenneth Moreland and Patrick O'Leary and Venkatram Vishwanath and Brad Whitlock and E. Wes Bethel},
  title = {{\textit{In Situ} Methods, Infrastructures, and Applications on High Performance Computing Platforms, a State-of-the-art (STAR) Report}},
  journal = {Computer Graphics Forum, Proceedings of Eurovis 2016},
  publisher = {Wiley-Blackwell},
  address = {Gr\"oningen, Netherlands},
  month = jun,
  year = 2016,
  volume = 35,
  number = 3,
  note = {LBNL-1005709},
}

@article{team2000r,
  title={R language definition},
  author={Team, R Core},
  journal={Vienna, Austria: R foundation for statistical computing},
  year={2000}
}

@inproceedings{peterka_ldav11,
	author = "Tom Peterka and Robert Ross and Wesley Kendall and Attila Gyulassy and Valerio Pascucci and Han-Wei Shen and Teng-Yok Lee and Abon Chaudhuri",
	title = "Scalable Parallel Building Blocks for Custom Data Analysis",
	booktitle = "Proceedings of Large Data Analysis and Visualization Symposium LDAV'11",
	address = "Providence, RI",
	year = "2011"
}

@online{conduit,
	author = {Lawrence Livermore National Laboratory},
	title = {Conduit: Simplified Data Exchange for HPC Simulations},
	year = 2017,
	url = {https://software.llnl.gov/conduit/},
	urldate = {2017-08-01}
}

@inproceedings{AhrensCinema,
	author = {Ahrens, James and Jourdain, S{\'e}bastien and O'Leary, Patrick and Patchett, John and Rogers, David H. and Petersen, Mark},
	title = {An Image-based Approach to Extreme Scale in Situ Visualization and Analysis},
	booktitle = {Proceedings of the International Conference for High Performance Computing, Networking, Storage and Analysis},
	series = {SC '14},
	year = {2014},
	isbn = {978-1-4799-5500-8},
	location = {New Orleans, Louisana},
	pages = {424--434},
	numpages = {11},
	url = {https://doi.org/10.1109/SC.2014.40},
	doi = {10.1109/SC.2014.40},
	acmid = {2683640},
	publisher = {IEEE Press},
	address = {Piscataway, NJ, USA},
} 

@inproceedings{Lofstead2008,
	author = {Lofstead, Jay F. and Klasky, Scott and Schwan, Karsten and Podhorszki, Norbert and Jin, Chen},
	title = {Flexible IO and Integration for Scientific Codes Through the Adaptable IO System (ADIOS)},
	booktitle = {Proceedings of the 6th International Workshop on Challenges of Large Applications in Distributed Environments},
	series = {CLADE '08},
	year = {2008},
	isbn = {978-1-60558-156-9},
	location = {Boston, MA, USA},
	pages = {15--24},
	numpages = {10},
	url = {http://doi.acm.org/10.1145/1383529.1383533},
	doi = {10.1145/1383529.1383533},
	acmid = {1383533},
	publisher = {ACM},
	address = {New York, NY, USA},
	keywords = {HDF-5, MPI-IO, modular IO, visualization, workflow},
} 

@inproceedings{EAVL,
booktitle = {Eurographics Symposium on Parallel Graphics and Visualization},
title = {{EAVL: The Extreme-scale Analysis and Visualization Library}},
author = {Meredith, Jeremy S. and Ahern, Sean and Pugmire, Dave and Sisneros, Robert},
year = {2012},
publisher = {The Eurographics Association},
}

@inproceedings{DIY,
  title={Scalable parallel building blocks for custom data analysis},
  author={Peterka, Tom and Ross, Robert and Gyulassy, Attila and Pascucci, Valerio and Kendall, Wesley and Shen, Han-Wei and Lee, Teng-Yok and Chaudhuri, Abon},
  booktitle={Large Data Analysis and Visualization (LDAV), 2011 IEEE Symposium on},
  pages={105--112},
  year={2011},
  organization={IEEE}
}


@article{MPI,
  title={A high-performance, portable implementation of the MPI message passing interface standard},
  author={Gropp, William and Lusk, Ewing and Doss, Nathan and Skjellum, Anthony},
  journal={Parallel computing},
  volume={22},
  number={6},
  pages={789--828},
  year={1996},
  publisher={Elsevier}
}

@article{Moreland:CGA2016,
	author = {Kenneth Moreland and Christopher Sewell and William Usher and Lita Lo and Jeremy Meredith and David Pugmire and James Kress and Hendrik Schroots and Kwan-Liu Ma and Hank Childs and Matthew Larsen and Chun-Ming Chen and Robert Maynard and Berk Geveci},
	title = {{VTK-m: Accelerating the Visualization Toolkit for Massively Threaded Architectures}},
	journal ={IEEE Computer Graphics and Applications (CG\&A)},
	volume = {36},
	number = {3},
	Month = may # {/} # jun,
	pages = {48-58},
	year ={2016},
}

@InCollection{VisIt,
  author = {Hank Childs and Eric Brugger and Brad Whitlock and Jeremy Meredith and Sean Ahern and David Pugmire and Kathleen Biagas and Mark Miller and Cyrus Harrison and Gunther H. Weber and Hari Krishnan and Thomas Fogal and Allen Sanderson and Christoph Garth and E. Wes Bethel and David Camp and Oliver R\"{u}bel and Marc Durant and Jean M. Favre  and Paul Navr\'{a}til},
  title = {{VisIt: An End-User Tool For Visualizing and Analyzing Very Large Data}},
   year =      "2012",
   pages = "357--372",
  month = oct,
  booktitle = {{High Performance Visualization---Enabling Extreme-Scale Scientific Insight}},
  publisher = {CRC Press/Francis--Taylor Group},
}

@inproceedings{LibSim,
 author = {Whitlock, Brad and Favre, Jean M. and Meredith, Jeremy S.},
 title = {{Parallel in Situ Coupling of Simulation with a Fully Featured Visualization System}},
 booktitle = {Proceedings of the 11th Eurographics Conference on Parallel Graphics and Visualization (EGPGV)},
 month = apr,
 year = {2011},
 pages = {101--109},
} 


@inproceedings{cyrush_pyhpc2012,
author={C. Harrison and P. Navr\`{a}til and M. Moussalem and M. Jiang and H. Childs}, 
booktitle={Proceedings of the 2012 Workshop on Python for High Performance and Scientific Computing}, 
title={Efficient Dynamic Derived Field Generation on Many-Core Architectures Using Python}, 
series = {PyHPC 2012},
year={2012}, 
pages={583-592}, 
keywords={data visualisation;filtering theory;large-scale systems;multiprocessing systems;parallel processing;pipeline processing;program testing;HPC environment;OpenCL;analysis systems;data movement;efficient dynamic derived field generation;execution strategies;filter pipeline;flexible Python-based framework;large-scale simulation;many-core architectures;memory constraints;runtime performance;visualization systems;vortex detection application;hpc;opencl;python;scientific visualization}, 
doi={10.1109/SC.Companion.2012.82}, 
month={Nov},}

@article{ParaView,
  title={Paraview: An end-user tool for large data visualization},
  author={Ahrens, James and Geveci, Berk and Law, Charles},
  journal={The Visualization Handbook},
  volume={717},
  year={2005},
  publisher={Elsevier}
}

@inproceedings{Catalyst,
  title={Paraview catalyst: Enabling in situ data analysis and visualization},
  author={Ayachit, Utkarsh and Bauer, Andrew and Geveci, Berk and O'Leary, Patrick and Moreland, Kenneth and Fabian, Nathan and Mauldin, Jeffrey},
  booktitle={Proceedings of the First Workshop on In Situ Infrastructures for Enabling Extreme-Scale Analysis and Visualization},
  pages={25--29},
  year={2015},
  organization={ACM}
}

@online{conduit_blueprint,
	author = {Lawrence Livermore National Laboratory},
	title = {Conduit: Simplified Data Exchange for HPC Simulations - Conduit Blueprint},
	year = 2017,
	url = {https://software.llnl.gov/conduit/blueprint.html},
	urldate = {2017-08-01}
}

@online{mfem-library,
  title={{MFEM}: Modular finite element methods},
	year = 2017,
	url = {http://mfem.org},
	urldate = {2017-08-01}
}


